@article{lamport98,
TITLE = "The Part-Time Parliament",
AUTHOR = "Lamport, L.",
YEAR = "1998"}
